<?xml version="1.0" encoding="UTF-8"?><record xmlns="http://www.loc.gov/MARC21/slim" xmlns:cinclude="http://apache.org/cocoon/include/1.0" xmlns:zs="http://www.loc.gov/zing/srw/">
  <leader>00415cz  a2200121n  4500</leader>
  <controlfield tag="001">n 2003079417</controlfield>
  <controlfield tag="003">DLC</controlfield>
  <controlfield tag="005">20031230144018.0</controlfield>
  <controlfield tag="008">031229n| acannaabn          |n aaa      </controlfield>
  <datafield tag="010" ind1=" " ind2=" ">
    <subfield code="a">n 2003079417</subfield>
  </datafield>
  <datafield tag="040" ind1=" " ind2=" ">
    <subfield code="a">DLC</subfield>
    <subfield code="b">eng</subfield>
    <subfield code="c">DLC</subfield>
  </datafield>
  <datafield tag="100" ind1="1" ind2=" ">
    <subfield code="a">Sammartini, Giuseppe,</subfield>
    <subfield code="d">1695-1750.</subfield>
    <subfield code="t">Sonatas,</subfield>
    <subfield code="m">recorder, continuo,</subfield>
    <subfield code="r">F minor</subfield>
  </datafield>
  <datafield tag="670" ind1=" " ind2=" ">
    <subfield code="a">Parnassus Avenue (Musical group). Corelli &amp; Co, p2002:</subfield>
    <subfield code="b">container (Sonata in f minor, Sibley no. 15)</subfield>
  </datafield>
</record>